@book{Chicone,
	title={Ordinary Differential Equations with Applications, 2nd Edition},
	author={Chicone, Carmen},
	series={Texts in Applied Mathematics},
	year={2006},
	publisher={Springer}
}

@book{Kuznetsov,
	title={Elements of Applied Bifurcation Theory, Third Edition},
	author={Kuznetsov, Yuri A.},
	series={Applied Mathematical Sciences},
	year={2004},
	publisher={Springer}
}

@book{HaleKucak,
	title={Dynamics and Bifurcations},
	author={Hale, Jack K. and Ko{\c c}ak, H{\"u}seyin},
	series={Texts in Applied Mathematics},
	year={1991},
	publisher={Springer}
}

@book{GuckHolmes,
	title={Nonlinear Oscillations, Dynamical Systems, and Bifurcations of Vector Fields},
	author={Guckenheimer, John and Holmes, Philip},
	series={Applied Mathematical Sciences},
	year={1983},
	publisher={Springer}
}

@book{SandersVerhulstMurdock,
	title={Averaging Methods in Nonlinear Dynamical Systems},
	author={ Sanders, Jan A. and Verhulst, Ferdinand and Murdock, James},
	series={Applied Mathematical Sciences},
	year={2007},
	publisher={Springer}
}

@book{Hale,
	title={Ordinary Differential Equations, 2nd Edition},
	author={Hale, Jack K.},
	year={1980},
	publisher={Robert E. Krieger Publishing Company, INC.}
}

@book{Kot,
	title={Elements of Mathematical Ecology},
	author={Kot, Mark},
	year={2001},
	publisher={Cambridge University Press}
}

@article{Lotka,
	author = {Lotka, Alfred J.},
	title = {Analytical Note on Certain Rhythmic Relations in Organic Systems},
	journal = {Proceedings of the National Academy of Sciences of the United States of America},
	volume = {6},
	issue = {7},
	number = {410--415},
	year = {1920},
}

@article{Holling1,
	author = {Holling, Crawford S.},
	title = {The Components of Predation as Revealed by a Study of Small-Mammal Predation of the {E}uropean Pine Sawfly},
	journal = {The Canadian Entomologist},
	volume = {91},
	issue = {5},
	number = {293--320},
	year = {1959},
}

@article{Holling2,
	author = {Holling, Crawford S.},
	title = {Some Characteristics of Simple Types of Predation and Parasitism},
	journal = {The Canadian Entomologist},
	volume = {91},
	issue = {7},
	number = {385--398},
	year = {1959},
}

@article{TysonLutscher,
	author = {Tyson, Rebecca and Lutscher, Frithjof},
	title = {Seasonally varying predation behaviour and climate shifts are predicted to affect predator--prey cycles},
	journal = {The American Naturalist},
	volume = {188},
	issue = {5},
	number = {539--553},
	year = {2016},
}

@article{HsuZhao,
	author = {Hsu, Sze-Bi and Zhao, Xiao-Qiang},
	title = {A {L}otka--{V}olterra Competition Model with Seasonal Succession},
	journal = {Journal of Mathematical Biology},
	volume = {64},
	issue = {1-2},
	number = {109--30},
	year = {2012},
}

@article{TysonHainesHodges,
	author = {Tyson, Rebecca and Haines, Sheena and Hodges, Karen E.},
	title = {Modelling the {C}anadian lynx and showshoe hare population cycle: the role of specialist predators},
	journal = {Theoretical Ecology},
	volume = {3},
	number = {97--111},
	year = {2010},
}

@article{VitenseEtAl,
	author = {Vitense, Kelsey and Wirsing, Aaron J. and Tyson, Rebecca C. and Anderson, James J.},
	title = {Theoretical impacts of habitat loss and generalist predation on predator--prey cycles},
	journal = {Ecological Modelling},
	volume = {337},
	issue = {10},
	number = {85--94},
	year = {2016},
}

@article{StrohmTyson,
	author = {Strohm, Shaun and Tyson, Rebecca},
	title = {The Effect of Habitat Fragmentation on Cyclic Population Dynamics: A Numerical Study},
	journal = {Bulletin of Mathematical Biology},
	volume = {71},
	issue = {6},
	number = {1323--48},
	year = {2009},
}

@article{SchwartzAultBetancourt,
	author = {Schwartz, Mark D. and Ault, Toby R. and Betancourt, Julio L.},
	title = {Spring onset variations and trends in the continental United States: past and regional assessment using temperature-bases indices},
	journal = {International Journal of Climatology},
	volume = {33},
	issue = {13},
	number = {2917--2922},
	year = {2012},
}

@article{FryxellLundberg,
	author = {Fryxell, John M. and Lundberg, Per},
	title = {Diet choice and predator--prey dynamics},
	journal = {Evolutionary Ecology},
	volume = {8},
	number = {407--421},
	year = {1994},
}


@article{RosMac,
	author = {Rosenzweig, Michael L. and MacArthur, Robert H.},
	title = {Graphical Representation and Stability Conditions of Predator--Prey Interactions},
	journal = {The American Naturalist},
	volume = {97},
	issue = {895},
	number = {209--223},
	year = {1963},
}

@article{BoyceSinclairWhite,
	author = {Boyce, Mark S. and Sinclair, A. R. E. and White, Gary C.},
	title = {Seasonal compensation of predation and harvesting},
	journal = {Oikos},
	volume = {87},
	issue = {3},
	number = {419--426},
	year = {1999},
}

@article{NorrKorp,
	author = {Norrdahl, Kai and Korpim\"{a}ki, Erkki},
	title = {Seasonal changes in the numerical responses of predators to cyclic vole populations},
	journal = {Ecography},
	volume = {25},
	issue = {4},
	number = {428--438},
	year = {2002},
}

@book{KrebsBoutinDoonstra,
	title={Ecosystem Dynamics of the Boreal Forest: The Kluane Project},
	author={Krebs, Charles J. and Boutin, Stan and Boonstra, Rudy},
	year={2001},
	publisher={Oxford University Press}
}

@book{AllenEtAl,
	author = {Allen, M. and Boucher, O. and Chanbers, D. and Christensen, J. and Chiais, P. and Clark, P. and Collins, M. and Comiso, J. and de Menezes, V. and Feely, R. and Fichefet, T. and Fiore, A. and Flato, G. and Fuglestvedt, J. and Hegerl, G. and Hezel, P. and Johnson, G. and Kases, G. and Kattsov, V. and Kennedy, J. and Tank, A. and Qu\'eer\'e, C. OL. and Myhre, G. and Osborn, T. and Payne, A. and Perlwitz, J. and Power, S. and Prather, M. and Rintoul, S. and Rogelj, J. and Rusticucci, M. and Schulz, M. and Secl\'a\v{c}ek, J. and Stott, P. and Sutton, R. and Thorne, P. and Wuebbles, D.},
	title = {Climate change 2013: The physical science bases. Contribution of Working Group I to the Fifth Assessment Report of the Intergovernmental Panel on Climate Change},
	publisher = {Cambridge University Press},
	year = {2013},
}

@article{Real,
	author = {Real, Leslie A.},
	title = {The kinetics of functional response},
	journal = {American Naturalist},
	volume = {111},
	issue = {978},
	number = {289--300},
	year = {1977},
}

@article{DriesscheZeeman,
	author = {Driessche, Pauline van den and Zeeman, Mary Lou},
	title = {Three-{D}imensional {C}ompetitive {L}otka--{V}olterra {S}ystems with no {P}eriodic {O}rbits},
	journal = {SIAM Journal on Applied Mathematics},
	volume = {58},
	issue = {1},
	number = {227--234},
	year = {1998},
}

@article{LiSmith,
	author = {Li, Bingtuan and Smith, Hal L.},
	title = {Periodic coexistence of four species competing for three essential resources},
	journal = {Mathematical Biosciences},
	volume = {184},
	number = {115--135},
	year = {2003},
}

@article{XiaoFussman,
	author = {Xiao, Xiao and Fussman, Gregor F.},
	title = {Armstrong--{M}c{G}hee mechanism revisited: Competitive exclusion and coexistence of nonlinear consumers},
	journal = {Journal of Theoretical Biology},
	volume = {339},
	number = {26--35},
	year = {2013},
}

@article{ChessonEllner,
	author = {Chesson, Peter L. and Ellner, Stephen},
	title = {Invasibility and stochastic boundedness in monotonic competition models},
	journal = {Journal of Mathematical Biology},
	volume = {27},
	number = {117--138},
	year = {1989},
}

@article{Chesson,
	author = {Chesson, Peter L.},
	title = {The Stabilizing Effect of a Random Environment},
	journal = {Journal of Mathematical Biology},
	volume = {15},
	number = {1--36},
	year = {1982},
}

@article{Turelli1,
	author = {Turelli, Michael},
	title = {A reexamination of stability in randomly varying versus deterministic environments with comments on the stochastic theory of limiting similarity},
	journal = {Theoretical Population Biology},
	volume = {13},
	issue={2},
	number = {244--267},
	year = {1978},
}

@article{Turelli2,
	author = {Turelli, Michael},
	title = {Niche overlap and invasion of competitors in random environments {I}: Models without demographic stochasticity},
	journal = {Theoretical Population Biology},
	volume = {20},
	issue={1},
	number = {1--56},
	year = {1981},
}

@article{SamiaLutscher,
	author = {Samia, Yasmine and Lutscher, Frithjof},
	title = {Coexistence and Spread of Competitors in Heterogeneous Landscapes},
	journal = {Bulletin of Mathematical Biology},
	volume = {72},
	number = {2089--2112},
	year = {2010},
}

@article{SzilagyiMeszena,
	author = {Szil\'agyi, Andr\'as and Mesz\'ena, G\'eza},
	title = {Coexistence in a fluctuating environment by the effect of relative nonlinearity: A minimal model},
	journal = {Journal of Theoretical Biology},
	volume = {267},
	number = {502--512},
	year = {2010},
}


@book{Grubb,
	title={Distributions and Operators},
	author={Grubb, Gerd},
	year={2009},
	publisher={Springer}
}

@article{ErbachLutscherSeo,
	author = {Erbach, Alexandra and Lutscher, Frithjof and Seo, Gunog},
	title = {Bistability and limit cycles in generalist predator--prey dynamics},
	journal = {Ecological Complexity},
	volume = {14},
	number = {48--55},
	year = {2013},
}

@article{MagalCosnerRuanCasas,
	author = {Magal, Christelle and Cosner, Chris and Ruan, Shigui and Casas, J\'erome},
	title = {Control of invasive hosts by generalist parasitoids},
	journal = {Mathematical Medicine and Biology: A journal of the IMA},
	volume = {25},
	issue = {1},
	number = {1--20},
	year = {2008},
}

@manual{NOAA1,
	title = {More Near-Record Warm Years Are Likely On Horizon},
	author = {NOAA},
	note = {https://www.ncei.noaa.gov/news/projected-ranks},
	year = {February 14, 2020},
}

@manual{SwannOgge,
	title = {Expanding summer and shrinking winters in subtropical and temperate Australia},
	author = {Swann, Tom and Ogge, Mark},
	note = {https://www.tai.org.au/sites/default/files/P834%20Out%20of%20Season%20%5BWEB%5D.pdf#overlay-context=content/australian-summer-now-over-one-month-longer},
	year = {March 2, 2020},
}

@article{Abdullaev,
	author = {Abdullaev, S. S.},
	title = {A new integration method of {H}amiltonian systems by symplectic maps},
	journal = {Journal of Physics {A}: General Physics},
	volume = {32},
	number = {2745--2766},
	year = {1999},
}

@book{Hale,
	title={Ordinary Differential Equations},
	author={Hale, Jack K.},
	year={1969},
	publisher={Wiley}
}

@manual{ArtusoHoustonSmithRohner,
	title = {The Birds of North America},
	author = {Artuso, Christian and Houston, C. Stuart and Smith, Dwight G. and Rohner, Christoph},
	note = {https://birdsoftheworld.org/bow/species/grhowl/cur/introduction},
	year = {March 4, 2020},
}

@article{HoustonFrancis,
	author = {Houston, C. Start and Francis, Charles M.},
	title = {Survival of {G}reat {H}orned {O}wls in relation to the snowshoe hare cycle},
	journal = {Auk},
	volume = {112},
	number = {44--59},
	year = {1995},
}

@book{RuggerioAubryBuskirkKoehlerKrebsMcKelveySquires,
	author = {Ruggerio, L. and Aubry, K. and Buskirk, S. and Koehler, G. and Krebs, C. and McKelvey, K. and Squires, J.},
	title = {Ecology and {C}onservation of {L}ynx in the {U}nited {S}tates},
	year = {2000},
	publisher = {University Press of Colorado, Niwot, Colorado}
}

@article{SmithMurphy,
	author = {Smith, Dwight G. and Murphy, Joseph R.},
	title = {Breeding {R}esponses of {R}aptors to {J}ackrabbit {D}ensity in the {E}astern {G}reat {B}asin {D}esert of {U}tah},
	journal = {Raptor Research},
	volume = {13},
	number = {1--14},
	year = {1979},
}

@book{BainovSimeonov,
	author = {Bainov, Drumi D. and Simeonov, Pavel S.},
	title = {Systems with {I}mpulsive {E}ffect. {S}tability, {T}heory and {A}pplications.},
	year = {1989},
	publisher = {Chichester, {E}llis {H}ornwood {L}imited/{J}ohn {W}iley \& {S}ons.}
}